@article{lovera,
  author  		= {{M. Lovera, A. Astolfi}},
  title   		= {{Spacecraft attitude control using magnetic actuators}},
  journal 		= {Elsevier},
  year    		= 2004,
  number  		= 4,
  pages   		= {1405-1414},
  month   		= 2,
  volume  		= 40
}

@book{crass_book, 
	author = {F. Landis Markley, John l. Crassidis},
	title  = {Fundamentals of Spacecraft Attitude Determination and Control},
	year   = {2014},
	publisher = {Springer}
}

@article{bdot,
  author  		= {{Giulio Avanzini, Fabrizio Giulietti}},
  title   		= {{Magnetic Detumbling of a Rigid Spacecraft}},
  journal 		= {Journal of Guidance, Control and Dynamics},
  year    		= 2012,
  number  		= 4,
  pages   		= {1326-1333},
  month   		= 8,
  volume  		= 35
}

@book{curtis_book, 
	author = {Howard D. Curtis},
	title  = {Orbital Mechanics for Engineering Students},
	year   = {2014},
	publisher = {Elsevier}
}

@misc{esa_sso_site,
  author       = {ESA}, 
  title        = {Types of orbits},
  howpublished = {Website},
  year         = 2020,
  note         = {Site: \url{https://www.esa.int/Enabling_Support/Space_Transportation/Types_of_orbits}}
}

@misc{esail_site,
  author       = {ESA},
  title        = {ESAIL maritime satellite launched},
  howpublished = {Website},
  year         = 2020,
  note         = {Site: \url{https://www.esa.int/Applications/Connectivity_and_Secure_Communications/ESAIL_maritime_satellite_launched}}
}

@book{wertz, 
	author = {James R. Wertz},
	title  = {Spacecraft Attitude Determination And Control},
	year   = {1978},
	publisher = {Kluwer Academic Publishers}
}

@misc{horizon_sensor_site,
  author       = {Meisei}, 
  title        = {Horizon sensor},
  howpublished = {Website},
  year         = 2020,
  note         = {Site: \url{https://www.meisei.co.jp/english/products/space/satellite-components/p1380}}
}

@misc{magnetometer_site,
  author       = {AAC ClydeSpace}, 
  title        = {Magnetometer},
  howpublished = {Website},
  year         = 2021,
  note         = {Site: \url{https://www.aac-clyde.space/what-we-do/space-products-components/adcs/mm200}}
}

@misc{sun_sensor_site,
  author       = {AAC ClydeSpace}, 
  title        = {Sun sensor},
  howpublished = {Website},
  year         = 2021,
  note         = {Site: \url{https://www.aac-clyde.space/what-we-do/space-products-components/adcs/ss200}}
}

@misc{magnetorquer_site,
  author       = {AAC ClydeSpace}, 
  title        = {Magnetorquer},
  howpublished = {Website},
  year         = 2021,
  note         = {Site: \url{https://www.aac-clyde.space/what-we-do/space-products-components/adcs/mtq800-10}}
}

@misc{reactionwheel_site,
  author       = {O.C.E. Technologies}, 
  title        = {RW40},
  howpublished = {Website},
  year         = 2022,
  note         = {Site: \url{https://satsearch.co/products/oce-technology-rw40-reaction-wheel-4nms}}
}